@article{currey2023epviz,
  title={EPViz: A flexible and lightweight visualizer to facilitate predictive modeling for multi-channel EEG},
  author={Currey, Danielle and Craley, Jeff and Hsu, David and Ahmed, Raheel and Venkataraman, Archana},
  journal={Plos one},
  volume={18},
  number={2},
  pages={e0282268},
  year={2023},
  publisher={Public Library of Science San Francisco, CA USA}
}

@book{santaella2017semiotica,
	title={O que {\'e} semi{\'o}tica},
	author={Santaella, L{\'u}cia},
	year={2017},
	publisher={Brasiliense}
}

@article{ScienceOpenVid:5960cfa8-7fde-441c-8592-35fdb9841499,
author = {G H Klem, H O Lüders and H H Jasper et al. },
title = {The ten-twenty electrode system of the International Federation. The International Federation of Clinical Neurophysiology.},
journal = {Electroencephalography and clinical neurophysiology. Supplement},
year = 1999,
volume = {52},
number = {},
pages = {},
doi = {}
}

@INPROCEEDINGS{9098189,
  author={Fang, Zhou and Yao, Liuye and Qian, Zhiyu},
  booktitle={2019 International Conference on Medical Imaging Physics and Engineering (ICMIPE)}, 
  title={Research on Multi-parameter Visualization Technology of Brain Function Based on EEG}, 
  year={2019},
  volume={},
  number={},
  pages={1-4},
  doi={10.1109/ICMIPE47306.2019.9098189}
}

@INPROCEEDINGS{8937083,
  author={Khaitami and Wibawa, Adhi Dharma and Mardi, Supeno and Nugroho, Susiki and Khoirunnisaa, Alfi Zuhriya},
  booktitle={2019 International Seminar on Intelligent Technology and Its Applications (ISITIA)}, 
  title={EEG Visualization for Cybersickness Detection During Playing 3D Video Games}, 
  year={2019},
  volume={},
  number={},
  pages={325-330},
  doi={10.1109/ISITIA.2019.8937083}
}

@misc{sistema10-20,
	author = {Edrin Vicente},
	title = {Sistema 10-20 para localizar alvos terapêuticos em EMT},
	date = {2023/05/11 04:31},
	url = {https://www.kandel.com.br/post/como-localizar-os-pontos-de-estimulacao-para-estimulacao-magnetica-transcraniana},
	year = {2023}
}

@inproceedings{10.1117/12.2255697,
	year = {2017},
	author = {Germ{\'a}n A. Pressel Coretto and Iv{\'a}n E. Gareis and H. Leonardo Rufiner},
	title = {Open access database of EEG signals recorded during imagined speech}},
	volume = {10160},
	booktitle = {12th International Symposium on Medical Information Processing and Analysis},
	editor = {Eduardo Romero and Natasha Lepore and Jorge Brieva and Jorge Brieva and Ignacio Larrabide and },
	organization = {International Society for Optics and Photonics},
	publisher = {SPIE},
	pages = {1016002},
	keywords = {Imagined Speech, EEG, Database, Covert Speech, Classification}
	
}
